@misc{data,
  title = {Music Genres task from ISMIS 2011 Contest: Music Information Retrieval/Music Genres},
  author = {prof. Bozena Kostek, dr Pawel Zwan, Andrzej Sitek and prof. Andrzej Czyzewski},
  howpublished = {\url{http://tunedit.org/challenge/music-retrieval/genres}},
  note = {Available: 2016-06-19}
}
@misc{gztan,
	title = {Musical genre classification of audio signals},
	author = {G. Tzanetakis and P. Cook},
	howpublished = {IEEE Transactions on Audio and Speech Processing 2002},
	note = {Available: 2002}
}